<record xmlns="http://www.loc.gov/MARC21/slim">
  <leader>00705nam a22002173a 4500</leader>
  <controlfield tag="001">000033259313</controlfield>
  <controlfield tag="003">CaOOAMICUS</controlfield>
  <controlfield tag="005">20080714095727.0</controlfield>
  <controlfield tag="008">070221s2005    abca         s000 0 eng  </controlfield>
  <datafield tag="016" ind1=" " ind2=" ">
    <subfield code="a">20088023478 </subfield>
  </datafield>
  <datafield tag="040" ind1=" " ind2=" ">
    <subfield code="a">CaOONL</subfield>
    <subfield code="b">eng</subfield>
    <subfield code="c">CaOONL</subfield>
  </datafield>
  <datafield tag="245" ind1="0" ind2="0">
    <subfield code="a">Royal visit :</subfield>
    <subfield code="b">Alberta Centennial 2005 : final report.</subfield>
  </datafield>
  <datafield tag="246" ind1="1" ind2="3">
    <subfield code="a">Alberta Centennial 2005 :</subfield>
    <subfield code="b">royal visit : final report</subfield>
  </datafield>
  <datafield tag="260" ind1=" " ind2=" ">
    <subfield code="a">[Edmonton :</subfield>
    <subfield code="b">Govt. of Alberta,</subfield>
    <subfield code="c">2005]</subfield>
  </datafield>
  <datafield tag="300" ind1=" " ind2=" ">
    <subfield code="a">9 p. :</subfield>
    <subfield code="b">col. ill. ;</subfield>
    <subfield code="c">28 cm.</subfield>
  </datafield>
  <datafield tag="500" ind1=" " ind2=" ">
    <subfield code="a">Cover title.</subfield>
  </datafield>
  <datafield tag="710" ind1="1" ind2=" ">
    <subfield code="a">Alberta.</subfield>
  </datafield>
  <datafield tag="710" ind1="2" ind2=" ">
    <subfield code="a">Alberta 2005 Centennial Initiative.</subfield>
  </datafield>
  <datafield tag="852" ind1=" " ind2=" ">
    <subfield code="9">1</subfield>
    <subfield code="a">CaOONL</subfield>
    <subfield code="h">COP.AL.2.2007-65</subfield>
    <subfield code="z">ILL: no</subfield>
  </datafield>
  <datafield tag="910" ind1="1" ind2=" ">
    <subfield code="a">Alberta.</subfield>
    <subfield code="b">2005 Centennial Initiative.</subfield>
  </datafield>
  <datafield tag="990" ind1="1" ind2="0">
    <subfield code="a">91001ab</subfield>
    <subfield code="b">71002a</subfield>
  </datafield>
</record>
